<?xml version="1.0" encoding="UTF-8" ?>

<marc:record xmlns:marc="http://www.loc.gov/MARC21/slim" xmlns:xsi="http://www.w3.org/2001/XMLSchema-instance" xsi:schemaLocation="http://www.loc.gov/MARC21/slim http://www.loc.gov/standards/marcxml/schema/MARC21slim.xsd">

	<marc:leader>01803cas a2200385 a 45e0</marc:leader>
	<marc:controlfield tag="001">1524739</marc:controlfield>
	<marc:controlfield tag="003">NRU</marc:controlfield>
	<marc:controlfield tag="005">20030909154641.0</marc:controlfield>
	<marc:controlfield tag="006">m        d        </marc:controlfield>
	<marc:controlfield tag="007">crucna</marc:controlfield>
	<marc:controlfield tag="008">960213c19959999xx         d        eng d</marc:controlfield>

	<marc:datafield tag="010" ind1=" " ind2=" ">
		<marc:subfield code="a">sn 96031575</marc:subfield>
	</marc:datafield>

	<marc:datafield tag="035" ind1=" " ind2=" ">
		<marc:subfield code="a">(OCoLC)34178377</marc:subfield>
	</marc:datafield>

	<marc:datafield tag="040" ind1=" " ind2=" ">
		<marc:subfield code="a">HUL</marc:subfield>
		<marc:subfield code="c">HUL</marc:subfield>
		<marc:subfield code="d">OCL</marc:subfield>
		<marc:subfield code="d">DLC</marc:subfield>
		<marc:subfield code="d">NSD</marc:subfield>
	</marc:datafield>

	<marc:datafield tag="022" ind1="0" ind2=" ">
		<marc:subfield code="a">1089-747X</marc:subfield>
	</marc:datafield>

	<marc:datafield tag="042" ind1=" " ind2=" ">
		<marc:subfield code="a">lcd</marc:subfield>
		<marc:subfield code="a">nsdp</marc:subfield>
	</marc:datafield>

	<marc:datafield tag="049" ind1=" " ind2=" ">
		<marc:subfield code="a">RESM</marc:subfield>
	</marc:datafield>

	<marc:datafield tag="210" ind1="0" ind2=" ">
		<marc:subfield code="a">J. Seventeenth-Century music</marc:subfield>
	</marc:datafield>

	<marc:datafield tag="222" ind1=" " ind2="0">
		<marc:subfield code="a">Journal of Seventeenth-Century music</marc:subfield>
	</marc:datafield>

	<marc:datafield tag="245" ind1="0" ind2="0">
		<marc:subfield code="a">Journal of Seventeenth-Century music</marc:subfield>
		<marc:subfield code="h">[computer file].</marc:subfield>
	</marc:datafield>

	<marc:datafield tag="246" ind1="1" ind2="3">
		<marc:subfield code="a">JSCM</marc:subfield>
	</marc:datafield>

	<marc:datafield tag="246" ind1="3" ind2=" ">
		<marc:subfield code="a">Journal of 17th-Century music</marc:subfield>
	</marc:datafield>

	<marc:datafield tag="246" ind1="3" ind2=" ">
		<marc:subfield code="a">Journal of Seventeenth Century music</marc:subfield>
	</marc:datafield>

	<marc:datafield tag="260" ind1=" " ind2=" ">
		<marc:subfield code="a">[S.l.] :</marc:subfield>
		<marc:subfield code="b">Society of Seventeenth Century Music,</marc:subfield>
		<marc:subfield code="c">c1995-</marc:subfield>
	</marc:datafield>

	<marc:datafield tag="362" ind1="0" ind2=" ">
		<marc:subfield code="a">Vol. 1, no. 1 (Oct. 1995)-</marc:subfield>
	</marc:datafield>

	<marc:datafield tag="538" ind1=" " ind2=" ">
		<marc:subfield code="a">Mode of access: World Wide Web.</marc:subfield>
	</marc:datafield>

	<marc:datafield tag="538" ind1=" " ind2=" ">
		<marc:subfield code="a">System requirements for sound files: Sun audio files (also known as &quot;basic&quot; audio) using mu-law data format. Files are monaural and can be played on most PC, Mac, or UNIX systems with audio hardware and software. All musical examples are digitized at 44,100 samples/second (standard for commercial CD recording). Spoken examples are digitized at 8,000 samples/second. Size of audio files (in KB or MB) indicated parenthetically in the text.</marc:subfield>
	</marc:datafield>

	<marc:datafield tag="538" ind1=" " ind2=" ">
		<marc:subfield code="a">System requirements for graphic files: GIF graphical image format representing musical examples, fascimiles of original documents and other visual materials.</marc:subfield>
	</marc:datafield>

	<marc:datafield tag="500" ind1=" " ind2=" ">
		<marc:subfield code="a">Title from title screen.</marc:subfield>
	</marc:datafield>

	<marc:datafield tag="515" ind1=" " ind2=" ">
		<marc:subfield code="a">Vol. 1, no. 1 also called Prototype issue.</marc:subfield>
	</marc:datafield>

	<marc:datafield tag="516" ind1=" " ind2=" ">
		<marc:subfield code="a">Electronic journal.</marc:subfield>
	</marc:datafield>

	<marc:datafield tag="650" ind1=" " ind2="0">
		<marc:subfield code="a">Music</marc:subfield>
		<marc:subfield code="x">History and criticism</marc:subfield>
		<marc:subfield code="y">17th century</marc:subfield>
		<marc:subfield code="v">Periodicals.</marc:subfield>
	</marc:datafield>

	<marc:datafield tag="710" ind1="2" ind2=" ">
		<marc:subfield code="a">Society for Seventeenth-Century Music.</marc:subfield>
	</marc:datafield>

	<marc:datafield tag="856" ind1="4" ind2=" ">
		<marc:subfield code="u">http://sscm-jscm.press.uiuc.edu/</marc:subfield>
	</marc:datafield>

	<marc:datafield tag="999" ind1=" " ind2=" ">
		<marc:subfield code="a">Journal Sibley Internet</marc:subfield>
	</marc:datafield>

</marc:record>